<?xml version="1.0" encoding="UTF-8"?><collection xmlns="http://www.loc.gov/MARC21/slim"><record><leader>00397nam--2200121-i-4500</leader><controlfield tag="001">000027319</controlfield><controlfield tag="002">20161230</controlfield><controlfield tag="005">20161230201036</controlfield><controlfield tag="008">060222s1000------------r-----000-0-eng-d</controlfield><datafield ind1=" " ind2=" " tag="100"><subfield code="a">Herpner, Georges</subfield></datafield><datafield ind1=" " ind2=" " tag="245"><subfield code="a">Contribution a l`etude de l`emission infrarouge de spectres atomiques et moleculaires dans le domaine spectral 1-3 u.these</subfield></datafield><datafield ind1=" " ind2=" " tag="260"><subfield code="a">Paris, Faculte De Sciences, 1961. 53p</subfield></datafield><datafield ind1=" " ind2=" " tag="852"><subfield code="a">19141</subfield></datafield></record></collection>